<record><leader>00000cas a2200000 a 4500</leader><controlfield tag="001">436872708</controlfield><controlfield tag="008">090916d19371940ilumr ne      0   a0eng c</controlfield><datafield ind1=" " ind2=" " tag="010"><subfield code="a">  2009271119</subfield></datafield><datafield ind1=" " ind2=" " tag="040"><subfield code="a">NVF</subfield><subfield code="b">eng</subfield><subfield code="c">NVF</subfield><subfield code="d">OCLCQ</subfield><subfield code="d">OCLCF</subfield><subfield code="d">OCLCO</subfield><subfield code="d">NVF</subfield><subfield code="d">OCLCO</subfield></datafield><datafield ind1=" " ind2=" " tag="042"><subfield code="a">pcc</subfield></datafield><datafield ind1=" " ind2=" " tag="043"><subfield code="a">n-us-il</subfield></datafield><datafield ind1="0" ind2=" " tag="130"><subfield code="a">Illini news (Urbana-Champaign, Ill.)</subfield></datafield><datafield ind1="1" ind2="0" tag="245"><subfield code="a">Illini news.</subfield></datafield><datafield ind1=" " ind2=" " tag="260"><subfield code="a">Urbana-Champaign, Ill. :</subfield><subfield code="b">University of Illinois,</subfield><subfield code="c">1937-1940.</subfield></datafield><datafield ind1=" " ind2=" " tag="300"><subfield code="a">v.</subfield></datafield><datafield ind1=" " ind2=" " tag="310"><subfield code="a">Monthly,</subfield><subfield code="b">July 5, 1939-May 22, 1940</subfield></datafield><datafield ind1=" " ind2=" " tag="321"><subfield code="a">Weekly,</subfield><subfield code="b">Sept. 20-Nov. 22, 1937</subfield></datafield><datafield ind1=" " ind2=" " tag="321"><subfield code="a">Biweekly,</subfield><subfield code="b">Dec. 6, 1937-Mar. 29, 1939</subfield></datafield><datafield ind1="0" ind2=" " tag="362"><subfield code="a">Sept. 20, 1937-v. 3, no. 10 (May 22, 1940).</subfield></datafield><datafield ind1=" " ind2=" " tag="550"><subfield code="a">"Published by the University of Illinois on behalf of the University Foundation."</subfield></datafield><datafield ind1="2" ind2="0" tag="610"><subfield code="a">University of Illinois (Urbana-Champaign campus)</subfield><subfield code="x">Alumni and alumnae</subfield><subfield code="x">Students</subfield><subfield code="v">Newspapers.</subfield></datafield><datafield ind1="2" ind2="0" tag="610"><subfield code="a">University of Illinois at Urbana-Champaign</subfield><subfield code="x">Alumni and alumnae</subfield><subfield code="x">Students</subfield><subfield code="v">Newspapers.</subfield></datafield><datafield ind1=" " ind2="0" tag="650"><subfield code="a">College student newspapers and periodicals</subfield><subfield code="z">Illinois</subfield><subfield code="z">Urbana</subfield><subfield code="z">Champaign.</subfield></datafield><datafield ind1=" " ind2="0" tag="651"><subfield code="a">Urbana (Ill.)</subfield><subfield code="v">Newspapers.</subfield></datafield><datafield ind1=" " ind2="0" tag="651"><subfield code="a">Champaign (Ill.)</subfield><subfield code="v">Newspapers.</subfield></datafield><datafield ind1="2" ind2="7" tag="610"><subfield code="a">University of Illinois (Urbana-Champaign campus)</subfield><subfield code="2">fast</subfield><subfield code="0">(OCoLC)fst00532272</subfield></datafield><datafield ind1=" " ind2="7" tag="651"><subfield code="a">Illinois</subfield><subfield code="z">Champaign.</subfield><subfield code="2">fast</subfield><subfield code="0">(OCoLC)fst01207150</subfield></datafield><datafield ind1=" " ind2="7" tag="651"><subfield code="a">Illinois</subfield><subfield code="z">Urbana.</subfield><subfield code="2">fast</subfield><subfield code="0">(OCoLC)fst01211927</subfield></datafield><datafield ind1=" " ind2="7" tag="655"><subfield code="a">Newspapers.</subfield><subfield code="2">fast</subfield><subfield code="0">(OCoLC)fst01423814</subfield></datafield><datafield ind1="2" ind2=" " tag="710"><subfield code="a">University of Illinois Foundation.</subfield><subfield code="k">Newspapers.</subfield></datafield><datafield ind1=" " ind2=" " tag="752"><subfield code="a">United States</subfield><subfield code="b">Illinois</subfield><subfield code="c">Champaign</subfield><subfield code="d">Urbana.</subfield></datafield><datafield ind1="0" ind2="4" tag="785"><subfield code="t">Illinois alumni news</subfield><subfield code="w">(DLC)sn 78005679</subfield><subfield code="w">(OCoLC)4062886</subfield></datafield></record>